<record><leader>00000cas a22000007a 4500</leader><controlfield tag="001">22442165</controlfield><controlfield tag="008">900927d19uu1972nyuwr ne      0    0eng d</controlfield><datafield ind1=" " ind2=" " tag="010"><subfield code="a">sn 90066532 </subfield></datafield><datafield ind1=" " ind2=" " tag="040"><subfield code="a">NYS</subfield><subfield code="b">eng</subfield><subfield code="c">NYS</subfield><subfield code="d">OCLCQ</subfield></datafield><datafield ind1=" " ind2=" " tag="042"><subfield code="a">msc</subfield></datafield><datafield ind1="0" ind2="0" tag="245"><subfield code="a">Camillus advocate.</subfield></datafield><datafield ind1=" " ind2=" " tag="260"><subfield code="a">Camillus, N.Y. :</subfield><subfield code="b">Onon-Town Pub. Co.</subfield></datafield><datafield ind1=" " ind2=" " tag="300"><subfield code="a">v.</subfield></datafield><datafield ind1=" " ind2=" " tag="310"><subfield code="a">Weekly</subfield></datafield><datafield ind1="0" ind2=" " tag="362"><subfield code="a">-v. 46, no. 19 (July 25, 1972).</subfield></datafield><datafield ind1=" " ind2=" " tag="500"><subfield code="a">Publishers: Onon-Town Pub. Co., Inc., &lt;1941-1951&gt;; Auburn Pub. Co., -1972.</subfield></datafield><datafield ind1=" " ind2=" " tag="588"><subfield code="a">Description based on: Vol. 17, no. 39 (Mar. 8, 1941).</subfield></datafield><datafield ind1=" " ind2="4" tag="651"><subfield code="a">Camillus (N.Y.)</subfield><subfield code="v">Newspapers.</subfield></datafield><datafield ind1=" " ind2="4" tag="651"><subfield code="a">Baldwinsville (N.Y.)</subfield><subfield code="v">Newspapers.</subfield></datafield><datafield ind1=" " ind2=" " tag="752"><subfield code="a">United States</subfield><subfield code="b">New York</subfield><subfield code="c">Onondaga</subfield><subfield code="d">Camillus.</subfield></datafield><datafield ind1=" " ind2=" " tag="752"><subfield code="a">United States</subfield><subfield code="b">New York</subfield><subfield code="c">Onondaga</subfield><subfield code="d">Baldwinsville.</subfield></datafield><datafield ind1="0" ind2="7" tag="785"><subfield code="t">Elbridge courier</subfield><subfield code="w">(DLC)sn 90066531</subfield><subfield code="w">(OCoLC)22442259</subfield></datafield><datafield ind1="0" ind2="7" tag="785"><subfield code="t">Jordan leader</subfield><subfield code="w">(DLC)sn 90066530</subfield><subfield code="w">(OCoLC)22442331</subfield></datafield><datafield ind1="0" ind2="7" tag="785"><subfield code="t">Advocate (Camillus, N.Y.)</subfield><subfield code="w">(DLC)sn 90066533</subfield><subfield code="w">(OCoLC)22442467</subfield></datafield><datafield ind1="1" ind2=" " tag="029"><subfield code="a">AU@</subfield><subfield code="b">000025869785</subfield></datafield></record>